<?xml version="1.0" encoding="UTF-8"?><collection xmlns="http://www.loc.gov/MARC21/slim"><record><leader>00330nam--2200121-i-4500</leader><controlfield tag="001">000035275</controlfield><controlfield tag="002">20161230</controlfield><controlfield tag="005">20161230201040</controlfield><controlfield tag="008">060222s1000------------r-----000-0-eng-d</controlfield><datafield ind1=" " ind2=" " tag="100"><subfield code="a">Paul, Martin A</subfield></datafield><datafield ind1=" " ind2=" " tag="245"><subfield code="a">Principles of chemical thermodynamics</subfield></datafield><datafield ind1=" " ind2=" " tag="260"><subfield code="a">New York, Toronto, London, Mcgraw-hill, 1951, Viii + 740p</subfield></datafield><datafield ind1=" " ind2=" " tag="852"><subfield code="a">10904</subfield></datafield></record></collection>